@BOOK{Cox2008,
    author = {Cox, Ingemar and Miller, Matthew and Bloom, Jeffrey and Fridrich, Jessica  and Kalker, Ton},
    title = {Digital Watermarking and Steganography},
    publisher = {Morgan Kaufmann Publishers},
    year = {2008},
    edition = {2nd},
    isbn = {978-0-12-372585-1},
}

@misc{ wikipedia,
  author = "Wikipedia",
  title = "Plagiarism --- {W}ikipedia{,} The Free Encyclopedia",
  year = "2004",
  url = "\url{http://en.wikipedia.org/w/index.php?title=Plagiarism&oldid=5139350}",
  note = "[Online; accessed 22-July-2004]"
}

@misc{ brief,
  author = "Pietik√§inen, Matti and Iivarinen, Jukka and Petrou, Maria",
  title = "The local binary pattern approach to texture analysis",
  year = "2003",
  url = "\url{http://cvlab.epfl.ch/~calonder/CalonderLSF10.pdf}",
  note = "[Online; accessed 2-January-2012]"
}


@misc{ lbp,
  author = "Calonder, Michael and Lepetit, Vincent and Strecha, Christoph and Fua, Pascal",
  title = "BRIEF: Binary Robust Independent Elementary Features",
  year = "2011",
  url = "\url{http://herkules.oulu.fi/isbn9514270762/isbn9514270762.pdf}",
  note = "[Online; accessed 2-January-2012]"
}

@article{isard98,
    author = {Michael Isard and Andrew Blake},
    title = {CONDENSATION - conditional density propagation for visual tracking},
    journal = {International Journal of Computer Vision},
    year = {1998},
    volume = {29},
    pages = {5--28}
}

@article{blake95,
    author = {Andrew Blake and Michael Isard and David Reynard},
    title = {Learning to Track the Visual Motion of Contours},
    journal = {Artificial Intelligence},
    year = {1995},
    volume = {78},
    pages = {101--134}
}



@INPROCEEDINGS{zemcik2006,
   author = {Pavel Zem{\v c}{\' i}k and Adam Herout and V{\' i}t{\v e}zslav Beran and Ji{\v r}{\' i}Gran{\' a}t},
   title = {Hardware Accelerated Image Analysis in FPGA},
   pages = {4},
   booktitle = {Proceedings of SCCG},
   year = {2006},
   location = {{\v C}ast{\' a}--Papierni{\v c}ka, SK},
   publisher = {Comenius University in Bratislava},
   ISBN = {80-223-2175-3},
   language = {english},
   url = {http://www.fit.vutbr.cz/research/view_pub.php?id=8141}
}